<record><leader>00000cas a22000007a 4500</leader><controlfield tag="001">12193474</controlfield><controlfield tag="008">850624d19851987vauwn ne      0   a0eng d</controlfield><datafield ind1=" " ind2=" " tag="010"><subfield code="a">sn 85008552 </subfield></datafield><datafield ind1=" " ind2=" " tag="040"><subfield code="a">NSD</subfield><subfield code="b">eng</subfield><subfield code="c">NSD</subfield><subfield code="d">NVK</subfield><subfield code="d">OCLCQ</subfield><subfield code="d">OCLCF</subfield><subfield code="d">OCLCO</subfield></datafield><datafield ind1=" " ind2=" " tag="012"><subfield code="j">0</subfield><subfield code="l">y</subfield><subfield code="m">d</subfield></datafield><datafield ind1="1" ind2=" " tag="022"><subfield code="a">0883-6868</subfield><subfield code="l">0883-6868</subfield><subfield code="y">0745-0400</subfield><subfield code="2">1</subfield></datafield><datafield ind1="1" ind2=" " tag="029"><subfield code="a">AU@</subfield><subfield code="b">000020376010</subfield></datafield><datafield ind1=" " ind2=" " tag="037"><subfield code="b">Farm &amp; Country, 1200 Prince Edward St., Fredericksburg, VA 22401</subfield></datafield><datafield ind1=" " ind2=" " tag="042"><subfield code="a">nsdp</subfield></datafield><datafield ind1=" " ind2=" " tag="043"><subfield code="a">n-us-va</subfield></datafield><datafield ind1=" " ind2="4" tag="050"><subfield code="a">S1</subfield><subfield code="b">.F17</subfield></datafield><datafield ind1=" " ind2="0" tag="222"><subfield code="a">Virginia's farm and country</subfield></datafield><datafield ind1="0" ind2="0" tag="245"><subfield code="a">Virginia's farm and country.</subfield></datafield><datafield ind1="3" ind2="0" tag="246"><subfield code="a">Farm and country</subfield></datafield><datafield ind1="1" ind2="7" tag="246"><subfield code="a">Farm &amp; country</subfield></datafield><datafield ind1=" " ind2=" " tag="260"><subfield code="a">Fredericksburg, VA :</subfield><subfield code="b">Chesapeake Pub. Corp.,</subfield><subfield code="c">1985-1987.</subfield></datafield><datafield ind1=" " ind2=" " tag="300"><subfield code="a">v.</subfield></datafield><datafield ind1=" " ind2=" " tag="310"><subfield code="a">Weekly</subfield></datafield><datafield ind1="0" ind2=" " tag="362"><subfield code="a">Vol. 4, no. 7 (Feb. 6, 1985)-v. 6, no. 1 (Jan. 3, 1987).</subfield></datafield><datafield ind1=" " ind2=" " tag="500"><subfield code="a">"The weekly voice of farming in Virginia."</subfield></datafield><datafield ind1=" " ind2=" " tag="530"><subfield code="a">Available on microfilm from the Library of Virginia.</subfield></datafield><datafield ind1=" " ind2="0" tag="650"><subfield code="a">Agriculture</subfield><subfield code="z">Virginia</subfield><subfield code="v">Newspapers.</subfield></datafield><datafield ind1=" " ind2="0" tag="651"><subfield code="a">Culpeper (Va.)</subfield><subfield code="v">Newspapers.</subfield></datafield><datafield ind1=" " ind2="7" tag="655"><subfield code="a">Newspapers.</subfield><subfield code="2">fast</subfield><subfield code="0">(OCoLC)fst01423814</subfield></datafield><datafield ind1=" " ind2="7" tag="650"><subfield code="a">Agriculture.</subfield><subfield code="2">fast</subfield><subfield code="0">(OCoLC)fst00801355</subfield></datafield><datafield ind1=" " ind2="7" tag="651"><subfield code="a">Virginia.</subfield><subfield code="2">fast</subfield><subfield code="0">(OCoLC)fst01204597</subfield></datafield><datafield ind1=" " ind2="7" tag="651"><subfield code="a">Virginia</subfield><subfield code="z">Culpeper.</subfield><subfield code="2">fast</subfield><subfield code="0">(OCoLC)fst01214679</subfield></datafield><datafield ind1=" " ind2=" " tag="752"><subfield code="a">United States</subfield><subfield code="b">Viriginia</subfield><subfield code="c">Culpeper</subfield><subfield code="d">Culpeper.</subfield></datafield><datafield ind1="0" ind2="0" tag="780"><subfield code="t">Farm &amp; country (Culpeper, Va.)</subfield><subfield code="x">0745-0400</subfield><subfield code="w">(OCoLC)8741770</subfield></datafield><datafield ind1="0" ind2="0" tag="785"><subfield code="t">Farm &amp; country (Culpeper, Va. : 1987)</subfield><subfield code="x">0895-2957</subfield><subfield code="w">(OCoLC)16553619</subfield></datafield></record>